@article{2018Diagnosis,
    title = {{2018 ALZHEIMER'S DISEASE FACTS AND FIGURES Includes a Special Report on the Financial and Personal Benefits of Early Diagnosis}}
}

@article{2019Physicians,
    title = {{2019 ALZHEIMER'S DISEASE FACTS AND FIGURES Includes a Special Report on Alzheimer's Detection in the Primary Care Setting: Connecting Patients and Physicians}}
}

@article{AlzheimersAssociation20222022Figures,
    title = {{2022 Alzheimer's disease facts and figures}},
    year = {2022},
    journal = {Alzheimer's {\&} Dementia},
    author = {{Alzheimer's Association}},
    number = {4},
    pages = {700--789},
    volume = {18},
    publisher = {John Wiley {\&} Sons, Ltd},
    doi = {10.1002/alz.12638},
    issn = {15525279},
    pmid = {35289055},
    keywords = {Alzheimer's dementia, Alzheimer's disease, Biomarkers, COVID-19, Caregivers, Dementia, Dementia workforce, Diagnostic criteria, Family caregiver, Health care costs, Health care expenditures, Health care professional, Incidence, Long-term care costs, MCI due to Alzheimer's disease, Medicaid spending, Medicare spending, Mild cognitive impairment, Morbidity, Mortality, Prevalence, Primary care physician, Risk factors, Spouse caregiver}
}

@article{Wang20213DMeT:Assessment,
    title = {{3DMeT: 3D Medical Image Transformer for Knee Cartilage Defect Assessment}},
    year = {2021},
    journal = {Lecture Notes in Computer Science (including subseries Lecture Notes in Artificial Intelligence and Lecture Notes in Bioinformatics)},
    author = {Wang, Sheng and Zhuang, Zixu and Xuan, Kai and Qian, Dahong and Xue, Zhong and Xu, Jia and Liu, Ying and Chai, Yiming and Zhang, Lichi and Wang, Qian and Shen, Dinggang},
    pages = {347--355},
    volume = {12966 LNCS},
    publisher = {Springer Science and Business Media Deutschland GmbH},
    isbn = {9783030875886},
    doi = {10.1007/978-3-030-87589-3{\_}36},
    issn = {16113349},
    keywords = {3D medical image, Transformer}
}

@article{Zhuang2021ALearning,
    title = {{A Comprehensive Survey on Transfer Learning}},
    year = {2021},
    journal = {Proceedings of the IEEE},
    author = {Zhuang, Fuzhen and Qi, Zhiyuan and Duan, Keyu and Xi, Dongbo and Zhu, Yongchun and Zhu, Hengshu and Xiong, Hui and He, Qing},
    number = {1},
    pages = {43--76},
    volume = {109},
    url = {https://ieeexplore.ieee.org/abstract/document/9134370/?casa_token=Z0CuXIEOr-UAAAAA:Giiby-Ooc8sBlB9a6P5osfVhQQhorcVosaorcICkcJK7zz1DhW9707ZA-9cYW8PKicLJYfI2DtKg5g},
    doi = {10.1109/JPROC.2020.3004555},
    issn = {15582256},
    arxivId = {1911.02685},
    keywords = {Domain adaptation, interpretation, machine learning, transfer learning}
}

@article{Liang2021AImages,
    title = {{A hybrid and fast deep learning framework for Covid-19 detection via 3D Chest CT Images}},
    year = {2021},
    journal = {Proceedings of the IEEE International Conference on Computer Vision},
    author = {Liang, Shuang and Zhang, Weicun and Gu, Yu},
    pages = {508--512},
    volume = {2021-Octob},
    url = {https://arxiv.org/abs/2107.03904},
    isbn = {9781665401913},
    doi = {10.1109/ICCVW54120.2021.00062},
    issn = {15505499},
    arxivId = {2107.03904v2}
}

@article{Sundstrom2020ARisk,
    title = {{A nationwide Swedish study of age at retirement and dementia risk}},
    year = {2020},
    journal = {International journal of geriatric psychiatry},
    author = {Sundstr{\"{o}}m, Anna and R{\"{o}}nnlund, Michael and Josefsson, Maria},
    number = {10},
    pages = {1243--1249},
    volume = {35},
    publisher = {Int J Geriatr Psychiatry},
    doi = {10.1002/GPS.5363},
    issn = {1099-1166},
    pmid = {32557831},
    keywords = {80 and over, Aged, Anna Sundstr{\"{o}}m, Cohort Studies, Dementia* / epidemiology, Humans, MEDLINE, Maria Josefsson, Marital Status, Michael R{\"{o}}nnlund, NCBI, NIH, NLM, National Center for Biotechnology Information, National Institutes of Health, National Library of Medicine, Non-U.S. Gov't, PubMed Abstract, Research Support, Retirement*, Risk Factors, Sweden / epidemiology, doi:10.1002/gps.5363, pmid:32557831}
}

@article{F.2017AImpairment,
    title = {{A novel convolutional neural network model based on voxel-based morphometry of imaging data in predicting the prognosis of patients with mild cognitive impairment}},
    year = {2017},
    journal = {Journal of Neurological Sciences},
    author = {F., Citak-Er and D., Goularas},
    number = {1},
    pages = {52--69},
    volume = {34},
    url = {http://jns.dergisi.org/pdf/pdf_JNS_1024.pdf%0Ahttp://ovidsp.ovid.com/ovidweb.cgi?T=JS&PAGE=reference&D=emed18&NEWS=N&AN=615708235},
    issn = {1300-1817},
    keywords = {*mild cognitive impairment, *nerve cell network, *voxel based morphometry, Alzheimer disease, Mini Mental State Examination, adult, article, controlled study, diagnostic accuracy, female, follow up, gray matter, human, major clinical study, male, nuclear magnetic resonance imaging, principal component analysis, prognosis, scoring system, sensitivity and specificity, support vector machine}
}

@article{Islam2017AData,
    title = {{A Novel Deep Learning Based Multi-class Classification Method for Alzheimer’s Disease Detection Using Brain MRI Data}},
    year = {2017},
    journal = {Lecture Notes in Computer Science (including subseries Lecture Notes in Artificial Intelligence and Lecture Notes in Bioinformatics)},
    author = {Islam, Jyoti and Zhang, Yanqing},
    pages = {213--222},
    volume = {10654 LNAI},
    publisher = {Springer Verlag},
    url = {https://link.springer.com/chapter/10.1007/978-3-319-70772-3_20},
    isbn = {9783319707716},
    doi = {10.1007/978-3-319-70772-3{\_}20/TABLES/2},
    issn = {16113349},
    keywords = {Alzheimer’s disease, Brain imaging, Convolutional Neural Network, Deep learning, MRI}
}

@article{Wang2018ANetwork,
    title = {{A Novel Multimodal MRI Analysis for Alzheimer's Disease Based on Convolutional Neural Network}},
    year = {2018},
    journal = {Proceedings of the Annual International Conference of the IEEE Engineering in Medicine and Biology Society, EMBS},
    author = {Wang, Yan and Yang, Yanwu and Guo, Xin and Ye, Chenfei and Gao, Na and Fang, Yuan and Ma, Heather T.},
    month = {10},
    pages = {754--757},
    volume = {2018-July},
    publisher = {Institute of Electrical and Electronics Engineers Inc.},
    isbn = {9781538636466},
    doi = {10.1109/EMBC.2018.8512372},
    issn = {1557170X},
    pmid = {30440505}
}

@article{Litjens2017AAnalysis,
    title = {{A survey on deep learning in medical image analysis}},
    year = {2017},
    journal = {Medical Image Analysis},
    author = {Litjens, Geert and Kooi, Thijs and Bejnordi, Babak Ehteshami and Setio, Arnaud Arindra Adiyoso and Ciompi, Francesco and Ghafoorian, Mohsen and van der Laak, Jeroen A.W.M. and van Ginneken, Bram and S{\'{a}}nchez, Clara I.},
    month = {12},
    pages = {60--88},
    volume = {42},
    publisher = {Elsevier},
    doi = {10.1016/j.media.2017.07.005},
    issn = {13618423},
    pmid = {28778026},
    arxivId = {1702.05747},
    keywords = {Convolutional neural networks, Deep learning, Medical imaging, Survey}
}

@article{Pan2010ALearning,
    title = {{A survey on transfer learning}},
    year = {2010},
    journal = {IEEE Transactions on Knowledge and Data Engineering},
    author = {Pan, Sinno Jialin and Yang, Qiang},
    number = {10},
    pages = {1345--1359},
    volume = {22},
    doi = {10.1109/TKDE.2009.191},
    issn = {10414347},
    keywords = {Transfer learning, data mining., machine learning, survey}
}

@article{Pan2010ALearningb,
    title = {{A survey on transfer learning}},
    year = {2010},
    journal = {IEEE Transactions on Knowledge and Data Engineering},
    author = {Pan, Sinno Jialin and Yang, Qiang},
    number = {10},
    pages = {1345--1359},
    volume = {22},
    doi = {10.1109/TKDE.2009.191},
    issn = {10414347},
    keywords = {Transfer learning, data mining., machine learning, survey}
}

@article{Kloppel2008AccuracyMethod,
    title = {{Accuracy of dementia diagnosis—a direct comparison between radiologists and a computerized method}},
    year = {2008},
    journal = {Brain},
    author = {Kl{\"{o}}ppel, Stefan and Stonnington, Cynthia M. and Barnes, Josephine and Chen, Frederick and Chu, Carlton and Good, Catriona D. and Mader, Irina and Mitchell, L. Anne and Patel, Ameet C. and Roberts, Catherine C. and Fox, Nick C. and Jack, Clifford R. and Ashburner, John and Frackowiak, Richard S.J.},
    number = {11},
    month = {11},
    pages = {2969--2974},
    volume = {131},
    publisher = {Oxford Academic},
    url = {https://academic.oup.com/brain/article/131/11/2969/373488},
    doi = {10.1093/BRAIN/AWN239},
    issn = {0006-8950},
    pmid = {18835868},
    keywords = {alzheimer's disease, dementia, neuroimaging, radiologists}
}

@misc{2003ADNIInitiative,
    title = {{ADNI | Alzheimer's Disease Neuroimaging Initiative}},
    year = {2003},
    url = {https://adni.loni.usc.edu/%0Ahttp://adni.loni.usc.edu/}
}

@article{Hebert2013AlzheimerCensus,
    title = {{Alzheimer disease in the United States (2010–2050) estimated using the 2010 census}},
    year = {2013},
    journal = {Neurology},
    author = {Hebert, Liesi E. and Weuve, Jennifer and Scherr, Paul A. and Evans, Denis A.},
    number = {19},
    month = {5},
    pages = {1778--1783},
    volume = {80},
    publisher = {Wolters Kluwer Health, Inc. on behalf of the American Academy of Neurology},
    url = {https://n.neurology.org/content/80/19/1778 https://n.neurology.org/content/80/19/1778.abstract},
    doi = {10.1212/WNL.0B013E31828726F5},
    issn = {0028-3878},
    pmid = {23390181}
}

@misc{Dubey2019AlzheimersImages,
    title = {{Alzheimer's Dataset ( 4 class of Images)}},
    year = {2019},
    author = {Dubey, S.},
    url = {https://www.kaggle.com/datasets/tourist55/alzheimers-dataset-4-class-of-images}
}

@article{Al-Shoukry2020AlzheimersMini-review,
    title = {{Alzheimer's diseases detection by using deep learning algorithms: A mini-review}},
    year = {2020},
    journal = {IEEE Access},
    author = {Al-Shoukry, Suhad and Rassem, Taha H. and Makbol, Nasrin M.},
    pages = {77131--77141},
    volume = {8},
    publisher = {Institute of Electrical and Electronics Engineers Inc.},
    doi = {10.1109/ACCESS.2020.2989396},
    issn = {21693536},
    keywords = {Alzheimer's disease, deep learning, early stage detection and diagnosis}
}

@misc{BrightFocusFoundation2022Alzheimers:Stats,
    title = {{Alzheimer’s: Facts, Figures {\&} Stats}},
    year = {2022},
    author = {{BrightFocus Foundation}},
    url = {https://www.brightfocus.org/alzheimers/article/alzheimers-disease-facts-figures}
}

@article{Dosovitskiy2020AnScale,
    title = {{An Image is Worth 16x16 Words: Transformers for Image Recognition at Scale}},
    year = {2020},
    journal = {arxiv.org},
    author = {Dosovitskiy, Alexey and Beyer, Lucas and Kolesnikov, Alexander and Weissenborn, Dirk and Zhai, Xiaohua and Unterthiner, Thomas and Dehghani, Mostafa and Minderer, Matthias and Heigold, Georg and Gelly, Sylvain and Uszkoreit, Jakob and Houlsby, Neil},
    url = {http://arxiv.org/abs/2010.11929},
    arxivId = {2010.11929}
}

@article{Gunawardena2017ApplyingData,
    title = {{Applying convolutional neural networks for pre-detection of Alzheimer's disease from structural MRI data}},
    year = {2017},
    journal = {24th International Conference on Mechatronics and Machine Vision in Practice},
    author = {Gunawardena, K. A.N.N.P. and Rajapakse, R. N. and Kodikara, N. D.},
    pages = {1--7},
    publisher = {Institute of Electrical and Electronics Engineers Inc.},
    isbn = {9781509065462},
    doi = {10.1109/M2VIP.2017.8211486},
    keywords = {Alzheimers Disease, Convolutional Neural Networks, Image Processing, Magnetic Resonance Imaging, Pattern Recognition, Support Vector Machine}
}

@article{Harris2020ArrayNumPy,
    title = {{Array programming with NumPy}},
    year = {2020},
    journal = {Nature 2020 585:7825},
    author = {Harris, Charles R. and Millman, K. Jarrod and van der Walt, Stéfan J. and Gommers, Ralf and Virtanen, Pauli and Cournapeau, David and Wieser, Eric and Taylor, Julian and Berg, Sebastian and Smith, Nathaniel J. and Kern, Robert and Picus, Matti and Hoyer, Stephan and van Kerkwijk, Marten H. and Brett, Matthew and Haldane, Allan and del R{\'{i}}o, Jaime Fernández and Wiebe, Mark and Peterson, Pearu and G{\'{e}}rard-Marchant, Pierre and Sheppard, Kevin and Reddy, Tyler and Weckesser, Warren and Abbasi, Hameer and Gohlke, Christoph and Oliphant, Travis E.},
    number = {7825},
    month = {9},
    pages = {357--362},
    volume = {585},
    publisher = {Nature Publishing Group},
    url = {https://www.nature.com/articles/s41586-020-2649-2},
    doi = {10.1038/s41586-020-2649-2},
    issn = {1476-4687},
    pmid = {32939066},
    arxivId = {2006.10256},
    keywords = {Computational neuroscience, Computational science, Computer science, Software, Solar physics}
}

@article{Vaswani2017AttentionNeed,
    title = {{Attention is all you need}},
    year = {2017},
    journal = {Advances in Neural Information Processing Systems},
    author = {Vaswani, Ashish and Shazeer, Noam and Parmar, Niki and Uszkoreit, Jakob and Jones, Llion and Gomez, Aidan N. and Kaiser, Łukasz and Polosukhin, Illia},
    pages = {5999--6009},
    volume = {2017-Decem},
    url = {https://proceedings.neurips.cc/paper/7181-attention-is-all-you-need},
    issn = {10495258},
    arxivId = {1706.03762}
}

@article{Hoffer2020AugmentRepetition,
    title = {{Augment Your Batch: Improving Generalization through Instance Repetition}},
    year = {2020},
    journal = {Proceedings of the IEEE Computer Society Conference on Computer Vision and Pattern Recognition},
    author = {Hoffer, Elad and Ben-Nun, Tal and Hubara, Itay and Giladi, Niv and Hoefler, Torsten and Soudry, Daniel},
    pages = {8126--8135},
    publisher = {IEEE Computer Society},
    doi = {10.1109/CVPR42600.2020.00815},
    issn = {10636919}
}

@article{Nilsback2008AutomatedClasses,
    title = {{Automated flower classification over a large number of classes}},
    year = {2008},
    journal = {Proceedings - 6th Indian Conference on Computer Vision, Graphics and Image Processing},
    author = {Nilsback, Maria Elena and Zisserman, Andrew},
    pages = {722--729},
    isbn = {9780769534763},
    doi = {10.1109/ICVGIP.2008.47}
}

@article{Luo2017AutomaticMethod,
    title = {{Automatic Alzheimer’s Disease Recognition from MRI Data Using Deep Learning Method}},
    year = {2017},
    journal = {Journal of Applied Mathematics and Physics},
    author = {Luo, Suhuai and Li, Xuechen and Li, Jiaming and Luo, Suhuai and Li, Xuechen and Li, Jiaming},
    number = {9},
    month = {9},
    pages = {1892--1898},
    volume = {5},
    publisher = {Scientific Research Publishing},
    url = {http://www.scirp.org/journal/PaperInformation.aspx?PaperID=79613 http://www.scirp.org/Journal/Paperabs.aspx?paperid=79613},
    doi = {10.4236/JAMP.2017.59159},
    issn = {2327-4352},
    keywords = {AD, Alzheimer’s Disease, CNN, Convolutional Neural Network, Deep Learning, MRI, Magnetic Resource Imaging, Recognition}
}

@article{Cuingnet2011AutomaticDatabase,
    title = {{Automatic classification of patients with Alzheimer's disease from structural MRI: A comparison of ten methods using the ADNI database}},
    year = {2011},
    journal = {NeuroImage},
    author = {Cuingnet, Rémi and Gerardin, Emilie and Tessieras, Jérôme and Auzias, Guillaume and Leh{\'{e}}ricy, Stéphane and Habert, Marie Odile and Chupin, Marie and Benali, Habib and Colliot, Olivier},
    number = {2},
    month = {5},
    pages = {766--781},
    volume = {56},
    publisher = {Academic Press},
    doi = {10.1016/J.NEUROIMAGE.2010.06.013},
    issn = {1053-8119},
    pmid = {20542124},
    keywords = {AD, Alzheimer's disease, Classification, Converter, MCI, Magnetic resonance imaging, Prodromal, Support vector machines}
}

@article{AlMamlook2021AutomaticNetwork,
    title = {{Automatic diagnosis of covid-19 using a tailored transformer-like network}},
    year = {2021},
    journal = {iopscience.iop.org},
    author = {Al Mamlook, Rabia and Al-Mawee, Wassnaa and Qwam Alden, Arz Y and Liu, Chengeng and Yin, Qingshan},
    pages = {12175},
    publisher = {IOP Publishing},
    url = {https://iopscience.iop.org/article/10.1088/1742-6596/2010/1/012175/meta},
    doi = {10.1088/1742-6596/2010/1/012175}
}

@article{Islam2018BrainNetworks,
    title = {{Brain MRI analysis for Alzheimer’s disease diagnosis using an ensemble system of deep convolutional neural networks}},
    year = {2018},
    journal = {Brain Informatics},
    author = {Islam, Jyoti and Zhang, Yanqing},
    number = {2},
    month = {12},
    pages = {1--14},
    volume = {5},
    publisher = {Springer Berlin Heidelberg},
    url = {https://link.springer.com/articles/10.1186/s40708-018-0080-3 https://link.springer.com/article/10.1186/s40708-018-0080-3},
    doi = {10.1186/S40708-018-0080-3/FIGURES/10},
    issn = {21984026},
    keywords = {Alzheimer’s disease, Brain imaging, Convolutional neural network, Deep learning, MRI, Neurological disorder}
}

@article{Aderghal2018ClassificationLearning,
    title = {{Classification of Alzheimer Disease on Imaging Modalities with Deep CNNs Using Cross-Modal Transfer Learning}},
    year = {2018},
    journal = {Proceedings - IEEE Symposium on Computer-Based Medical Systems},
    author = {Aderghal, Karim and Khvostikov, Alexander and Krylov, Andrei and Benois-Pineau, Jenny and Afdel, Karim and Catheline, Gwenaelle},
    month = {7},
    pages = {345--350},
    volume = {2018-June},
    publisher = {Institute of Electrical and Electronics Engineers Inc.},
    isbn = {9781538660607},
    doi = {10.1109/CBMS.2018.00067},
    issn = {10637125},
    keywords = {Alzheimer's Disease, Convolutional Neural Networks, Deep Learning, Hippocampus, Medical Imaging, Mild Cognitive Impairment, Multi-Modal, Transfer Learning}
}

@article{Lyu2022ClassificationTransformer,
    title = {{Classification of Alzheimer's Disease via Vision Transformer}},
    year = {2022},
    journal = {ACM International Conference Proceeding Series},
    author = {Lyu, Yanjun and Yu, Xiaowei and Zhu, Dajiang and Zhang, Lu},
    pages = {463--468},
    publisher = {Association for Computing Machinery},
    isbn = {9781450396318},
    doi = {10.1145/3529190.3534754},
    keywords = {AD classification, Brain image, Cross-domain, Transfer learning}
}

@article{Wang2018ClassificationPooling,
    title = {{Classification of Alzheimer’s Disease Based on Eight-Layer Convolutional Neural Network with Leaky Rectified Linear Unit and Max Pooling}},
    year = {2018},
    journal = {Journal of Medical Systems},
    author = {Wang, Shui Hua and Phillips, Preetha and Sui, Yuxiu and Liu, Bin and Yang, Ming and Cheng, Hong},
    number = {5},
    month = {5},
    pages = {1--11},
    volume = {42},
    publisher = {Springer},
    url = {https://link.springer.com/article/10.1007/s10916-018-0932-7},
    doi = {10.1007/S10916-018-0932-7/FIGURES/11},
    issn = {1573689X},
    pmid = {29577169},
    keywords = {Activation function, Alzheimer’s disease, Convolutional neural network, Data augmentation, Leaky rectified linear unit, Max pooling}
}

@article{Liu2018ClassificationImages,
    title = {{Classification of alzheimer’s disease by combination of convolutional and recurrent neural networks using FDG-PET images}},
    year = {2018},
    journal = {Frontiers in Neuroinformatics},
    author = {Liu, Manhua and Cheng, Danni and Yan, Weiwu},
    month = {6},
    pages = {35},
    volume = {12},
    publisher = {Frontiers Media S.A.},
    doi = {10.3389/FNINF.2018.00035/BIBTEX},
    issn = {16625196},
    keywords = {Alzheimer’s disease diagnosis, Convolutional neural networks (CNN), Deep learning, FDG-PET, Image classification, Recurrent neural network}
}

@article{Aderghal2017ClassificationADNI,
    title = {{Classification of sMRI for Alzheimer's disease Diagnosis with CNN: Single Siamese Networks with 2D+{$\epsilon$} Approach and Fusion on ADNI}},
    year = {2017},
    author = {Aderghal, Karim and Benois-Pineau, Jenny and Afdel, Karim},
    url = {http://dx.doi.org/10.1145/3078971.3079010},
    isbn = {9781450347013},
    doi = {10.1145/3078971.3079010},
    keywords = {Alzheimer's disease (AD), Convolutional Neural Network (CNN), Deep Learning, Fusion of multiple sources, Hippocampus, structural MRI (sMRI)}
}

@article{Cheng2018CNNsDiagnosis,
    title = {{CNNs based multi-modality classification for AD diagnosis}},
    year = {2018},
    journal = {Proceedings - 2017 10th International Congress on Image and Signal Processing, BioMedical Engineering and Informatics, CISP-BMEI 2017},
    author = {Cheng, Danni and Liu, Manhua},
    month = {2},
    pages = {1--5},
    volume = {2018-January},
    publisher = {Institute of Electrical and Electronics Engineers Inc.},
    isbn = {9781538619377},
    doi = {10.1109/CISP-BMEI.2017.8302281},
    keywords = {Alzheimer's disease diagnosis, Cascaded CNNs, Convolutional neural networks (CNN), Image classification, Multi-modality Classification}
}

@book{ChengCombiningImages,
    title = {{Combining Convolutional and Recurrent Neural Networks for Alzheimer's Disease Diagnosis Using PET Images}},
    author = {Cheng, Danni and Liu, Manhua},
    url = {www.loni.ucla.edu/ADNI},
    isbn = {9781538616208},
    keywords = {Alzheimer's disease, Convolutional neural network, Deep learning, Image classification, Positron emission tomography, Recurrent neural network}
}

@article{Cheng2017CombiningImages,
    title = {{Combining convolutional and recurrent neural networks for Alzheimer's disease diagnosis using PET images}},
    year = {2017},
    journal = {IST 2017 - IEEE International Conference on Imaging Systems and Techniques, Proceedings},
    author = {Cheng, Danni and Liu, Manhua},
    month = {7},
    pages = {1--5},
    volume = {2018-January},
    publisher = {Institute of Electrical and Electronics Engineers Inc.},
    isbn = {9781538616208},
    doi = {10.1109/IST.2017.8261461},
    keywords = {Alzheimer's disease, Convolutional neural network, Deep learning, Image classification, Positron emission tomography, Recurrent neural network}
}

@article{Basheer2021ComputationalDataset,
    title = {{Computational Modeling of Dementia Prediction Using Deep Neural Network: Analysis on OASIS Dataset}},
    year = {2021},
    journal = {IEEE Access},
    author = {Basheer, Shakila and Bhatia, Surbhi and Sakri, Sapiah Binti},
    pages = {42449--42462},
    volume = {9},
    publisher = {Institute of Electrical and Electronics Engineers Inc.},
    doi = {10.1109/ACCESS.2021.3066213},
    issn = {21693536},
    keywords = {Alzheimer's disease, Dementia, capsule networks, convolutional neural networks, deep learning, machine learning, neural network models}
}

@article{Basheer2021ComputationalDatasetb,
    title = {{Computational Modeling of Dementia Prediction Using Deep Neural Network: Analysis on OASIS Dataset}},
    year = {2021},
    journal = {IEEE Access},
    author = {Basheer, Shakila and Bhatia, Surbhi and Sakri, Sapiah Binti},
    pages = {42449--42462},
    volume = {9},
    publisher = {Institute of Electrical and Electronics Engineers Inc.},
    doi = {10.1109/ACCESS.2021.3066213},
    issn = {21693536},
    keywords = {Alzheimer's disease, Dementia, capsule networks, convolutional neural networks, deep learning, machine learning, neural network models}
}

@article{ZhaoContext-AwareAtrium,
    title = {{Context-Aware Network for Semi-Supervised Segmentation of 3d Left Atrium}},
    journal = {papers.ssrn.com},
    author = {Zhao, C and Xiang, S and Cai, Z and Shen, J and Li, S and {\ldots}, S Zhou - Context-Aware Network},
    url = {https://papers.ssrn.com/sol3/papers.cfm?abstract_id=4087641}
}

@article{Galdran2022ConvolutionalClassification,
    title = {{Convolutional Nets Versus Vision Transformers for Diabetic Foot Ulcer Classification}},
    year = {2022},
    journal = {Lecture Notes in Computer Science (including subseries Lecture Notes in Artificial Intelligence and Lecture Notes in Bioinformatics)},
    author = {Galdran, Adrian and Carneiro, Gustavo and Ballester, Miguel A.González},
    pages = {21--29},
    volume = {13183 LNCS},
    publisher = {Springer Science and Business Media Deutschland GmbH},
    isbn = {9783030949068},
    doi = {10.1007/978-3-030-94907-5{\_}2},
    issn = {16113349},
    arxivId = {2111.06894},
    keywords = {Convolutional Neural Networks, Diabetic Foot Ulcer Classification, Sharpness-Aware Optimization, Vision Transformers}
}

@article{Jain2019ConvolutionalImages,
    title = {{Convolutional neural network based Alzheimer’s disease classification from magnetic resonance brain images}},
    year = {2019},
    journal = {Cognitive Systems Research},
    author = {Jain, Rachna and Jain, Nikita and Aggarwal, Akshay and Hemanth, D. Jude},
    pages = {147--159},
    volume = {57},
    publisher = {Elsevier},
    doi = {10.1016/J.COGSYS.2018.12.015},
    issn = {1389-0417},
    keywords = {Accuracy, Alzheimer, Brain images, Convolutional Neural Network}
}

@article{WenConvolutionalEvaluation,
    title = {{Convolutional Neural Networks for Classification of Alzheimer's Disease: Overview and Reproducible Evaluation}},
    author = {Wen, Junhao and Thibeau-Sutre, Elina and Diaz-Melo, Mauricio and Samper-Gonz{\'{a}}lez, Jorge and Routier, Alexandre and Bottani, Simona and Dormont, Didier and Durrleman, Stanley and Burgos, Ninon and Colliot, Olivier},
    url = {www.loni.usc.edu/ADNI},
    doi = {10.1016/j.media.2020.101694{\"{i}}}
}

@article{Lin2018ConvolutionalImpairment,
    title = {{Convolutional neural networks-based MRI image analysis for the Alzheimer’s disease prediction from mild cognitive impairment}},
    year = {2018},
    journal = {Frontiers in Neuroscience},
    author = {Lin, Weiming and Tong, Tong and Gao, Qinquan and Guo, Di and Du, Xiaofeng and Yang, Yonggui and Guo, Gang and Xiao, Min and Du, Min and Qu, Xiaobo},
    number = {NOV},
    month = {11},
    pages = {777},
    volume = {12},
    publisher = {Frontiers Media S.A.},
    doi = {10.3389/FNINS.2018.00777/BIBTEX},
    issn = {1662453X},
    keywords = {Alzheimer’s disease, Convolutional neural networks, Deep learning, Magnetic resonance imaging, Mild cognitive impairment}
}

@article{Sriram2021Covid-19Prediction,
    title = {{Covid-19 prognosis via self-supervised representation learning and multi-image prediction}},
    year = {2021},
    journal = {arxiv.org},
    author = {Sriram, Anuroop and Muckley, Matthew and Sinha, Koustuv and Shamout NYU Abu Dhabi Joelle Pineau Facebook Research Krzysztof J Geras, Farah AI and Azour, Lea and Aphinyanaphongs, Yindalon and Yakubova, Nafissa and Moore, William},
    url = {https://arxiv.org/abs/2101.04909},
    arxivId = {2101.04909v2}
}

@article{Ye2019Cross-modalSegmentation,
    title = {{Cross-modal self-attention network for referring image segmentation}},
    year = {2019},
    journal = {Proceedings of the IEEE Computer Society Conference on Computer Vision and Pattern Recognition},
    author = {Ye, Linwei and Rochan, Mrigank and Liu, Zhi and Wang, Yang},
    pages = {10494--10503},
    publisher = {IEEE Computer Society},
    isbn = {9781728132938},
    doi = {10.1109/CVPR.2019.01075},
    issn = {10636919},
    arxivId = {1904.04745},
    keywords = {Grouping and Shape, Scene Analysis and Understanding, Segmentation, Vision + Language}
}

@article{Yun2019CutMix:Features,
    title = {{CutMix: Regularization strategy to train strong classifiers with localizable features}},
    year = {2019},
    journal = {Proceedings of the IEEE International Conference on Computer Vision},
    author = {Yun, Sangdoo and Han, Dongyoon and Chun, Sanghyuk and Oh, Seong Joon and Choe, Junsuk and Yoo, Youngjoon},
    pages = {6022--6031},
    volume = {2019-Octob},
    publisher = {Institute of Electrical and Electronics Engineers Inc.},
    isbn = {9781728148038},
    doi = {10.1109/ICCV.2019.00612},
    issn = {15505499},
    arxivId = {1905.04899}
}

@article{Wu2021CvT:Transformers,
    title = {{CvT: Introducing Convolutions to Vision Transformers}},
    year = {2021},
    journal = {Proceedings of the IEEE International Conference on Computer Vision},
    author = {Wu, Haiping and Xiao, Bin and Codella, Noel and Liu, Mengchen and Dai, Xiyang and Yuan, Lu and Zhang, Lei},
    month = {3},
    pages = {22--31},
    publisher = {Institute of Electrical and Electronics Engineers Inc.},
    url = {https://arxiv.org/abs/2103.15808v1},
    isbn = {9781665428125},
    doi = {10.48550/arxiv.2103.15808},
    issn = {15505499},
    arxivId = {2103.15808}
}

@article{Wu2022D-former:Segmentation,
    title = {{D-former: a U-shaped Dilated Transformer for 3D medical image segmentation}},
    year = {2022},
    journal = {Neural Computing and Applications},
    author = {Wu, Yixuan and Liao, Kuanlun and Chen, Jintai and Wang, Jinhong and Chen, Danny Z. and Gao, Honghao and Wu, Jian},
    month = {10},
    url = {https://link.springer.com/10.1007/s00521-022-07859-1},
    doi = {10.1007/S00521-022-07859-1},
    issn = {0941-0643}
}

@article{Loshchilov2019DecoupledRegularization,
    title = {{Decoupled weight decay regularization}},
    year = {2019},
    journal = {7th International Conference on Learning Representations, ICLR 2019},
    author = {Loshchilov, Ilya and Hutter, Frank},
    publisher = {International Conference on Learning Representations, ICLR},
    arxivId = {1711.05101}
}

@article{Islam2018DeepMRI,
    title = {{Deep convolutional neural networks for automated diagnosis of Alzheimer’s disease and mild cognitive impairment using 3D brain MRI}},
    year = {2018},
    journal = {Lecture Notes in Computer Science (including subseries Lecture Notes in Artificial Intelligence and Lecture Notes in Bioinformatics)},
    author = {Islam, Jyoti and Zhang, Yanqing},
    pages = {359--369},
    volume = {11309 LNAI},
    publisher = {Springer Verlag},
    url = {https://link.springer.com/chapter/10.1007/978-3-030-05587-5_34},
    isbn = {9783030055868},
    doi = {10.1007/978-3-030-05587-5{\_}34/TABLES/3},
    issn = {16113349},
    keywords = {Alzheimer’s disease, Brain imaging, Convolutional neural network, Deep learning, MRI}
}

@article{Suk2017DeepDiagnosis,
    title = {{Deep ensemble learning of sparse regression models for brain disease diagnosis}},
    year = {2017},
    journal = {Medical Image Analysis},
    author = {Suk, Heung Il and Lee, Seong Whan and Shen, Dinggang},
    month = {4},
    pages = {101--113},
    volume = {37},
    publisher = {Elsevier},
    doi = {10.1016/J.MEDIA.2017.01.008},
    issn = {1361-8415},
    pmid = {28167394},
    keywords = {Alzheimer's disease, Convolutional neural network, Deep ensemble learning, Sparse regression model}
}

@article{Helaly2021DeepDisease,
    title = {{Deep Learning Approach for Early Detection of Alzheimer’s Disease}},
    year = {2021},
    journal = {Cognitive Computation},
    author = {Helaly, Hadeer A. and Badawy, Mahmoud and Haikal, Amira Y.},
    month = {11},
    pages = {1--17},
    volume = {1},
    publisher = {Springer},
    url = {https://link.springer.com/article/10.1007/s12559-021-09946-2},
    doi = {10.1007/S12559-021-09946-2/FIGURES/15},
    issn = {18669964},
    keywords = {Alzheimer’s disease, Brain MRI, Convolutional neural network (CNN), Deep learning, Medical image classification}
}

@article{Akkus2017DeepDirections,
    title = {{Deep Learning for Brain MRI Segmentation: State of the Art and Future Directions}},
    year = {2017},
    journal = {Journal of Digital Imaging},
    author = {Akkus, Zeynettin and Galimzianova, Alfiia and Hoogi, Assaf and Rubin, Daniel L. and Erickson, Bradley J.},
    number = {4},
    month = {8},
    pages = {449--459},
    volume = {30},
    publisher = {Springer New York LLC},
    doi = {10.1007/S10278-017-9983-4},
    issn = {1618727X},
    pmid = {28577131},
    keywords = {Brain lesion segmentation, Convolutional neural network, Deep learning, Quantitative brain MRI}
}

@article{Razzak2018DeepMaking,
    title = {{Deep Learning for Medical Image Processing: Overview, Challenges and the Future BT  - Classification in BioApps: Automation of Decision Making}},
    year = {2018},
    journal = {Springer},
    author = {Razzak, Muhammad Imran and Naz, Saeeda and Zaib, Ahmad},
    pages = {323--350},
    volume = {26},
    publisher = {Springer Netherlands},
    url = {https://doi.org/10.1007/978-3-319-65981-7_12},
    isbn = {978-3-319-65981-7},
    arxivId = {1704.06825},
    keywords = {deep learning, {\'{a}} image analysis, {\'{a}} medical image analysis}
}

@article{Ebrahimighahnavieh2020DeepReview,
    title = {{Deep learning to detect Alzheimer's disease from neuroimaging: A systematic literature review}},
    year = {2020},
    journal = {Computer Methods and Programs in Biomedicine},
    author = {Ebrahimighahnavieh, Mr Amir and Luo, Suhuai and Chiong, Raymond},
    pages = {105242},
    volume = {187},
    publisher = {Elsevier},
    doi = {10.1016/j.cmpb.2019.105242},
    issn = {18727565},
    pmid = {31837630},
    keywords = {Alzheimer's disease, Auto-encoders, Convolutional neural networks, Deep learning, Recurrent neural networks, Transfer learning}
}

@article{Valliani2017DeepDiagnosis,
    title = {{Deep residual nets for improved Alzheimer's diagnosis}},
    year = {2017},
    journal = {ACM-BCB 2017 - Proceedings of the 8th ACM International Conference on Bioinformatics, Computational Biology, and Health Informatics},
    author = {Valliani, Aly and Soni, Ameet},
    pages = {615},
    publisher = {Association for Computing Machinery, Inc},
    address = {New York, NY, USA},
    isbn = {9781450347228},
    doi = {10.1145/3107411.3108224},
    arxivId = {1512.03385}
}

@article{Sarraf2017DeepAD:FMRI,
    title = {{DeepAD: Alzheimer’s Disease Classification via Deep Convolutional Neural Networks using MRI and fMRI}},
    year = {2017},
    journal = {bioRxiv},
    author = {Sarraf, Saman and DeSouza, Danielle D. and Anderson, John and Tofighi, Ghassem},
    pages = {070441},
    publisher = {Cold Spring Harbor Laboratory},
    url = {https://www.biorxiv.org/content/10.1101/070441v4%0Ahttps://www.biorxiv.org/content/10.1101/070441v4.abstract},
    doi = {10.1101/070441}
}

@misc{DeiTCode,
    title = {{DeiT Explained | Papers With Code}},
    url = {https://paperswithcode.com/method/deit}
}

@article{TouvronDeiTViT,
    title = {{DeiT III: Revenge of the ViT}},
    author = {Touvron, Hugo and Cord, Matthieu and J{\'{e}}gou, Hervé}
}

@article{Turknett2022DemandDementia,
    title = {{Demand Coupling Drives Neurodegeneration: A Model of Age-Related Cognitive Decline and Dementia}},
    year = {2022},
    journal = {Cells 2022, Vol. 11, Page 2789},
    author = {Turknett, Josh and Wood, Thomas R.},
    number = {18},
    pages = {2789},
    volume = {11},
    publisher = {Multidisciplinary Digital Publishing Institute},
    doi = {10.3390/CELLS11182789},
    issn = {2073-4409},
    pmid = {36139364},
    keywords = {Alzheimer’s, cognitive decline, cognitive demand, dementia}
}

@misc{AlzheimersDiseaseInternational2020DementiaStatistics,
    title = {{Dementia statistics}},
    year = {2020},
    author = {{Alzheimer's Disease International}},
    url = {https://www.alzint.org/about/dementia-facts-figures/dementia-statistics/}
}

@article{Billones2017DemNet:Impairment,
    title = {{DemNet: A Convolutional Neural Network for the detection of Alzheimer's Disease and Mild Cognitive Impairment}},
    year = {2017},
    journal = {IEEE Region 10 Annual International Conference, Proceedings/TENCON},
    author = {Billones, Ciprian D. and Demetria, Olivia Jan Louville D. and Hostallero, David Earl D. and Naval, Prospero C.},
    pages = {3724--3727},
    publisher = {Institute of Electrical and Electronics Engineers Inc.},
    isbn = {9781509025961},
    doi = {10.1109/TENCON.2016.7848755},
    issn = {21593450}
}

@article{Awate2018DetectionTensorflow,
    title = {{Detection of Alzheimers Disease from MRI using Convolutional Neural Network with Tensorflow}},
    year = {2018},
    author = {Awate, Gururaj and Bangare, Sunil and Pradeepini, G and Patil, S},
    month = {6},
    url = {http://arxiv.org/abs/1806.10170},
    doi = {10.48550/arxiv.1806.10170},
    arxivId = {1806.10170}
}

@article{Srivastava2014Dropout:Overfitting,
    title = {{Dropout: A Simple Way to Prevent Neural Networks from Overfitting}},
    year = {2014},
    journal = {Journal of Machine Learning Research},
    author = {Srivastava, Nitish and Hinton, Geoffrey and Krizhevsky, Alex and Salakhutdinov, Ruslan},
    pages = {1929--1958},
    volume = {15},
    keywords = {deep learning, model combination, neural networks, regularization}
}

@article{Kavitha2022Early-StageModels,
    title = {{Early-Stage Alzheimer's Disease Prediction Using Machine Learning Models}},
    year = {2022},
    journal = {Frontiers in Public Health},
    author = {Kavitha, C. and Mani, Vinodhini and Srividhya, S. R. and Khalaf, Osamah Ibrahim and Tavera Romero, Carlos Andrés},
    month = {3},
    volume = {10},
    publisher = {Frontiers Media SA},
    url = {/pmc/articles/PMC8927715/ /pmc/articles/PMC8927715/?report=abstract https://www.ncbi.nlm.nih.gov/pmc/articles/PMC8927715/},
    doi = {10.3389/FPUBH.2022.853294},
    issn = {22962565},
    pmid = {35309200},
    keywords = {Alzheimer's disease (AD), feature selection, healthcare, machine learning, prediction}
}

@article{XuECT-NAS:Segmentation,
    title = {{ECT-NAS: Searching Efficient CNN-Transformers Architecture for Medical Image Segmentation}},
    journal = {ieeexplore.ieee.org},
    author = {Xu, S and on, H Quan - 2021 IEEE International Conference and 2021, undefined},
    url = {https://ieeexplore.ieee.org/abstract/document/9669734/?casa_token=uq0w23ZZHQoAAAAA:rj15awBBkonTazvdzjKJqUXQziEH8bn4l1_MK79infw_-AWTSjb98y30VAYi_a5Zw0ZS25sUrO2vAg}
}

@article{Carion2020End-to-EndTransformers,
    title = {{End-to-End Object Detection with Transformers}},
    year = {2020},
    journal = {Lecture Notes in Computer Science},
    author = {Carion, Nicolas and Massa, Francisco and Synnaeve, Gabriel and Usunier, Nicolas and Kirillov, Alexander and Zagoruyko, Sergey},
    pages = {213--229},
    volume = {12346 LNCS},
    publisher = {Springer Science and Business Media Deutschland GmbH},
    isbn = {9783030584511},
    doi = {10.1007/978-3-030-58452-8{\_}13},
    issn = {16113349},
    arxivId = {2005.12872}
}

@article{Shi2019EnhanceActivations,
    title = {{Enhance the Performance of Deep Neural Networks via L2 Regularization on the Input of Activations}},
    year = {2019},
    journal = {Neural Processing Letters},
    author = {Shi, Guang and Zhang, Jiangshe and Li, Huirong and Wang, Changpeng},
    number = {1},
    month = {8},
    pages = {57--75},
    volume = {50},
    publisher = {Springer New York LLC},
    url = {https://link.springer.com/article/10.1007/s11063-018-9883-8},
    doi = {10.1007/S11063-018-9883-8/FIGURES/9},
    issn = {1573773X},
    keywords = {L2 regularization, Neural networks, ReLU, Saturation phenomenon}
}

@article{Krishnamurthy2021EvaluatingDiagnosis,
    title = {{Evaluating Deep Neural Network Architectures with Transfer Learning for Pneumonitis Diagnosis}},
    year = {2021},
    journal = {Computational and Mathematical Methods in Medicine},
    author = {Krishnamurthy, Surya and Srinivasan, Kathiravan and Qaisar, Saeed Mian and Vincent, P. M.Durai Raj and Chang, Chuan Yu},
    volume = {2021},
    url = {https://www.hindawi.com/journals/cmmm/2021/8036304/},
    doi = {10.1155/2021/8036304},
    issn = {17486718},
    pmid = {34552660}
}

@article{Yu2020Evidence-basedTrials.,
    title = {{Evidence-based prevention of Alzheimer's disease: systematic review and meta-analysis of 243 observational prospective studies and 153 randomised controlled trials.}},
    year = {2020},
    journal = {Journal of Neurology, Neurosurgery, and Psychiatry},
    author = {Yu, Jin Tai and Xu, Wei and Tan, Chen Chen and Andrieu, Sandrine and Suckling, John and Evangelou, Evangelos and Pan, An and Zhang, Can and Jia, Jianping and Feng, Lei and Kua, Ee Heok and Wang, Yan Jiang and Wang, Hui Fu and Tan, Meng Shan and Li, Jie Qiong and Hou, Xiao He and Wan, Yu and Tan, Lin and Mok, Vincent and Tan, Lan and Dong, Qiang and Touchon, Jacques and Gauthier, Serge and Aisen, Paul S. and Vellas, Bruno},
    number = {11},
    pages = {1201--1209},
    volume = {91},
    publisher = {BMJ Publishing Group},
    doi = {10.1136/JNNP-2019-321913},
    issn = {0022-3050},
    pmid = {32690803},
    keywords = {Alzheimer's disease, Europe PMC, Europe PubMed Central, Meta-analysis, ORCIDs, REST APIs, Systematic Reviews, abstracts, bioinformatics, biological patents, biomedical journals, biomedical research, citation networks, citation search, clinical guidelines, epidemiology, full text, journal articles, life sciences, literature search, open access, research articles, text mining}
}

@article{Ortiz-Suarez2017ExploringNetworks,
    title = {{Exploring Alzheimer's anatomical patterns through convolutional networks}},
    year = {2017},
    journal = {https://doi.org/10.1117/12.2256840},
    author = {Ortiz-Su{\'{a}}rez, Juan M. and Ramos-Poll{\'{a}}n, Raúl and Romero, Eduardo},
    month = {1},
    pages = {279--287},
    volume = {10160},
    publisher = {SPIE},
    url = {https://www.spiedigitallibrary.org/conference-proceedings-of-spie/10160/101600Z/Exploring-Alzheimers-anatomical-patterns-through-convolutional-networks/10.1117/12.2256840.full https://www.spiedigitallibrary.org/conference-proceedings-of-spie/10160/101600Z/Exploring-Alzheimers-anatomical-patterns-through-convolutional-networks/10.1117/12.2256840.short},
    isbn = {9781510607781},
    doi = {10.1117/12.2256840},
    issn = {1996756X},
    keywords = {Alzheimer's disease, Brain, Brain mapping, Convolutional neural networks, Image classification, Image filtering, Magnetic resonance imaging, Magnetism, Medical imaging, Neuroimaging}
}

@article{Yang2021FundusTransformer,
    title = {{Fundus Disease Image Classification based on Improved Transformer}},
    year = {2021},
    journal = {2021 International Conference on Neuromorphic Computing, ICNC 2021},
    author = {Yang, Honggang and Chen, Jiejie and Xu, Mengfei},
    pages = {207--214},
    url = {https://ieeexplore.ieee.org/abstract/document/9608181/?casa_token=i-ZQdDD-GBUAAAAA:JOHT1ztjajRF2si3DmcDVmZRK2vGQRqqSbk5Sy4TIW6VWVhr661PiwquVPBLhaq8nFKvPXadKnoWUQ},
    isbn = {9781665412872},
    doi = {10.1109/ICNC52316.2021.9608181},
    keywords = {OIA dataset, deep learning, fundus images, transformer}
}

@article{Chen2022Gashis-transformer:Classification,
    title = {{Gashis-transformer: A multi-scale visual transformer approach for gastric histopathology image classification}},
    year = {2022},
    journal = {arxiv.org},
    author = {Chen, Haoyuan and Li, Chen and Wang, Ge and Li, Xiaoyan and Rahaman, Md and Sun, Hongzan and Hu, Weiming and Li, Yixin and Liu, Wanli and Sun, Changhao and Ai, Shiliang and Grzegorzek, Marcin},
    url = {https://arxiv.org/abs/2104.14528},
    isbn = {2104.14528v7},
    arxivId = {2104.14528v7},
    keywords = {Gastric histropathological image, Image detection, Multi-scale visual transformer}
}

@article{He2022Global-LocalEstimation,
    title = {{Global-Local Transformer for Brain Age Estimation}},
    year = {2022},
    journal = {IEEE Transactions on Medical Imaging},
    author = {He, Sheng and Grant, P. Ellen and Ou, Yangming},
    number = {1},
    pages = {213--224},
    volume = {41},
    url = {https://ieeexplore.ieee.org/abstract/document/9525077/?casa_token=9YKASLjLZkIAAAAA:kXukMxNFm5xJSdfrN6nZpR0T22JFE4v63Wngbb-Sdg20QD7ANPDvPexUCm8dgnju-wK9iSLB2yP72w},
    doi = {10.1109/TMI.2021.3108910},
    issn = {1558254X},
    pmid = {34460370},
    arxivId = {2109.01663},
    keywords = {Global-local transformer, attention, brain age estimation, deep learning, interpretation}
}

@article{TouvronGoingTransformers,
    title = {{Going deeper with Image Transformers}},
    author = {Touvron, Hugo and Cord, Matthieu and Sablayrolles, Alexandre and Synnaeve, Gabriel and J{\'{e}}gou, Hervé and Ai, Facebook},
    url = {https://github.com/facebookresearch/deit},
    arxivId = {2103.17239v2}
}

@misc{GoogleColab,
    title = {{Google Colab}},
    url = {https://research.google.com/colaboratory/faq.html}
}

@article{Gao2018HolisticNetworks,
    title = {{Holistic classification of CT attenuation patterns for interstitial lung diseases via deep convolutional neural networks}},
    year = {2018},
    journal = {Computer Methods in Biomechanics and Biomedical Engineering: Imaging and Visualization},
    author = {Gao, Mingchen and Bagci, Ulas and Lu, Le and Wu, Aaron and Buty, Mario and Shin, Hoo Chang and Roth, Holger and Papadakis, Georgios Z. and Depeursinge, Adrien and Summers, Ronald M. and Xu, Ziyue and Mollura, Daniel J.},
    number = {1},
    month = {1},
    pages = {1--6},
    volume = {6},
    publisher = {Taylor {\&} Francis},
    url = {https://www.tandfonline.com/doi/abs/10.1080/21681163.2015.1124249},
    doi = {10.1080/21681163.2015.1124249},
    issn = {21681171},
    keywords = {Interstitial lung disease, convolutional neural network, holistic medical image classification}
}

@article{Truong2021HowTasks,
    title = {{How Transferable Are Self-supervised Features in Medical Image Classification Tasks?}},
    year = {2021},
    journal = {proceedings.mlr.press},
    author = {Truong, Tuan and Mohammadi, Sadegh and Lenga, Matthias},
    pages = {54--74},
    volume = {158},
    url = {http://arxiv.org/abs/2108.10048},
    arxivId = {2108.10048},
    keywords = {Medical imaging, Self-supervised learning, Transfer learning}
}

@article{Li2022HybridClassification,
    title = {{Hybrid Architecture Based on CNN and Transformer for Strip Steel Surface Defect Classification}},
    year = {2022},
    journal = {mdpi.com},
    author = {Li, S ; and Wu, C ; and Xiong, N and Li, Shunfeng and Wu, Chunxue and Xiong, Naixue},
    url = {https://www.mdpi.com/2079-9292/11/8/1200},
    doi = {10.3390/electronics11081200},
    keywords = {CNN, Transformer network, multi-head self-attention, strip steel surface defect classification}
}

@article{Krizhevsky2017ImageNetNetworks,
    title = {{ImageNet classification with deep convolutional neural networks}},
    year = {2017},
    journal = {Communications of the ACM},
    author = {Krizhevsky, Alex and Sutskever, Ilya and Hinton, Geoffrey E.},
    number = {6},
    month = {5},
    pages = {84--90},
    volume = {60},
    publisher = {{\\\}		ACM{\\\}		PUB27{\\\}		New York, NY, USA{\\\}	},
    url = {https://dl.acm.org/doi/10.1145/3065386},
    doi = {10.1145/3065386},
    issn = {15577317}
}

@article{Krizhevsky2017ImagenetNetworksb,
    title = {{Imagenet classification with deep convolutional neural networks}},
    year = {2017},
    journal = {dl.acm.org},
    author = {Krizhevsky, A and Sutskever, I and ACM, GE Hinton - Communications of the and 2017, undefined},
    number = {6},
    month = {6},
    pages = {84--90},
    volume = {60},
    publisher = {Association for Computing Machinery},
    url = {https://dl.acm.org/doi/abs/10.1145/3065386},
    doi = {10.1145/3065386}
}

@article{Krizhevsky2017ImagenetNetworksc,
    title = {{Imagenet classification with deep convolutional neural networks}},
    year = {2017},
    journal = {dl.acm.org},
    author = {Krizhevsky, A and Sutskever, I and ACM, GE Hinton - Communications of the and 2017, undefined},
    number = {6},
    month = {6},
    pages = {84--90},
    volume = {60},
    publisher = {Association for Computing Machinery},
    url = {https://dl.acm.org/doi/abs/10.1145/3065386},
    doi = {10.1145/3065386}
}

@article{Deng2009ImageNet:Database,
    title = {{ImageNet: A large-scale hierarchical image database}},
    year = {2009},
    author = {Deng, Jia and Dong, Wei and Socher, Richard and Li, Li-Jia and Li, Kai and Li, Fei-Fei},
    pages = {248--255},
    publisher = {Institute of Electrical and Electronics Engineers (IEEE)},
    doi = {10.1109/CVPR.2009.5206848}
}

@article{Zhao2022ImprovingT2T-ViT,
    title = {{Improving cervical cancer classification with imbalanced datasets combining taming transformers with T2T-ViT}},
    year = {2022},
    journal = {Multimedia Tools and Applications},
    author = {Zhao, Chen and Shuai, Renjun and Ma, Li and Liu, Wenjia and Wu, Menglin},
    number = {17},
    month = {7},
    pages = {24265--24300},
    volume = {81},
    publisher = {Springer},
    doi = {10.1007/S11042-022-12670-0},
    issn = {15737721},
    keywords = {Cervical cancer, Cervical cell classification, Cervical cytology, Convolutional neural networks, Generative adversarial networks, Vision transformer}
}

@article{Gao2021Instance-BasedImage,
    title = {{Instance-Based Vision Transformer for Subtyping of Papillary Renal Cell Carcinoma in Histopathological Image}},
    year = {2021},
    journal = {Lecture Notes in Computer Science (including subseries Lecture Notes in Artificial Intelligence and Lecture Notes in Bioinformatics)},
    author = {Gao, Zeyu and Hong, Bangyang and Zhang, Xianli and Li, Yang and Jia, Chang and Wu, Jialun and Wang, Chunbao and Meng, Deyu and Li, Chen},
    pages = {299--308},
    volume = {12908 LNCS},
    publisher = {Springer Science and Business Media Deutschland GmbH},
    isbn = {9783030872366},
    doi = {10.1007/978-3-030-87237-3{\_}29},
    issn = {16113349},
    arxivId = {2106.12265},
    keywords = {Fine-grained classification, Histopathology, Transformer}
}

@article{Adjei-Mensah2021InvestigatingRecognition,
    title = {{Investigating Vision Transformer Models for Low-Resolution Medical Image Recognition}},
    year = {2021},
    journal = {2021 18th International Computer Conference on Wavelet Active Media Technology and Information Processing, ICCWAMTIP 2021},
    author = {Adjei-Mensah, Isaac and Zhang, Xiaoling and Baffour, Adu Asare and Agyemang, Isaac Osei and Yussif, Sophyani Banaamwini and Agbley, Bless Lord Y. and Sey, Collins},
    pages = {179--183},
    url = {https://ieeexplore.ieee.org/abstract/document/9674065/?casa_token=hSFkchX4GXUAAAAA:EG6llL9_OYDDZr45r-Wwm51aoRMvPc6FOVUdISUrFw_FUEfkGGmr9JpKCAqhJue2VQ0OPWtt279ckA},
    isbn = {9781665413640},
    doi = {10.1109/ICCWAMTIP53232.2021.9674065},
    keywords = {Convolutional Neural Networks, Deep Learning, Medical Imaging, Vision Transformer}
}

@article{Matsoukas2021IsImages,
    title = {{Is it Time to Replace CNNs with Transformers for Medical Images?}},
    year = {2021},
    author = {Matsoukas, Christos and Haslum, Johan Fredin and S{\"{o}}derberg, Magnus and Smith, Kevin},
    url = {http://arxiv.org/abs/2108.09038},
    arxivId = {2108.09038}
}

@article{Kim2021LearningAttention,
    title = {{Learning Dynamic Graph Representation of Brain Connectome with Spatio-Temporal Attention}},
    year = {2021},
    journal = {Advances in Neural Information Processing Systems},
    author = {Kim, Byung-Hoon and Ye, Jong Chul and Kim, Jae-Jin},
    month = {12},
    pages = {4314--4327},
    volume = {34},
    url = {https://github.com/egyptdj/stagin}
}

@article{Krizhevsky2009LearningImages,
    title = {{Learning multiple layers of features from tiny images}},
    year = {2009},
    author = {Krizhevsky, A and Hinton, G},
    url = {http://www.cs.utoronto.ca/~kriz/learning-features-2009-TR.pdf}
}

@article{Sarraf2019MCADNNet:Models,
    title = {{MCADNNet: Recognizing stages of cognitive impairment through efficient convolutional fMRI and MRI neural network topology models}},
    year = {2019},
    journal = {IEEE Access},
    author = {Sarraf, Saman and Desouza, Danielle D. and Anderson, John A.E. and Saverino, Cristina},
    pages = {155584--155600},
    volume = {7},
    publisher = {Institute of Electrical and Electronics Engineers Inc.},
    doi = {10.1109/ACCESS.2019.2949577},
    issn = {21693536},
    keywords = {Alzheimer's disease, Deep learning, MCI, brain, classification, structural and functional magnetic resonance imaging}
}

@article{Jun2021MedicalAnalysis,
    title = {{Medical Transformer: Universal Brain Encoder for 3D MRI Analysis}},
    year = {2021},
    author = {Jun, Eunji and Jeong, Seungwoo and Heo, Da-Woon and Suk, Heung-Il},
    month = {4},
    url = {https://arxiv.org/abs/2104.13633v1},
    doi = {10.48550/arxiv.2104.13633},
    arxivId = {2104.13633},
    keywords = {Brain Age Prediction, Brain Disease Diagnosis, Brain Tumor Segmentation, Deep Learning !, Index Terms-Transfer Learning, Medical Image Analysis, Structural MRI, Transformer}
}

@article{Alzubaidi2021MedNet:Tasks,
    title = {{MedNet: Pre-trained Convolutional Neural Network Model for the Medical Imaging Tasks}},
    year = {2021},
    author = {Alzubaidi, Laith and Santamar{\'{i}}a, J. and Manoufali, Mohamed and Mohammed, Beadaa and Fadhel, Mohammed A. and Zhang, Jinglan and Al-Timemy, Ali H. and Al-Shamma, Omran and Duan, Ye},
    month = {10},
    url = {http://arxiv.org/abs/2110.06512},
    doi = {10.48550/arxiv.2110.06512},
    arxivId = {2110.06512},
    keywords = {CNN, Deep learning, MedNet, Medical imaging, Pre-trained model, Transfer Learning}
}

@article{Jiang2021MethodModel,
    title = {{Method for Diagnosis of Acute Lymphoblastic Leukemia Based on ViT-CNN Ensemble Model}},
    year = {2021},
    journal = {Computational Intelligence and Neuroscience},
    author = {Jiang, Zhencun and Dong, Zhengxin and Wang, Lingyang and Jiang, Wenping},
    volume = {2021},
    url = {https://www.hindawi.com/journals/cin/2021/7529893/},
    doi = {10.1155/2021/7529893},
    issn = {16875273},
    pmid = {34471407}
}

@article{Zhao2021MfTrans-Net:Network,
    title = {{mfTrans-Net: Quantitative Measurement of Hepatocellular Carcinoma via Multi-Function Transformer Regression Network}},
    year = {2021},
    journal = {Springer},
    author = {Zhao, Jianfeng and Chong, Jaron and Li, Shuo and Xiao, Xiaojiao and Li, Dengwang and Kassam, Zahra and Chen, Bo},
    pages = {75--84},
    volume = {12905 LNCS},
    publisher = {Springer Science and Business Media Deutschland GmbH},
    url = {https://link.springer.com/chapter/10.1007/978-3-030-87240-3_8},
    doi = {10.1007/978-3-030-87240-3{\_}8},
    keywords = {Non-local, Phase-aware, Quantitative measurement {\textperiodcentered}, Transformer 2 J, Transformer {\textperiodcentered}, Zhao et al}
}

@article{Petersen1999MildOutcome,
    title = {{Mild cognitive impairment: Clinical characterization and outcome}},
    year = {1999},
    journal = {Archives of Neurology},
    author = {Petersen, Ronald C. and Smith, Glenn E. and Waring, Stephen C. and Ivnik, Robert J. and Tangalos, Eric G. and Kokmen, Emre},
    number = {3},
    pages = {303--308},
    volume = {56},
    url = {https://jamanetwork.com/journals/jamaneurology/article-abstract/774828},
    doi = {10.1001/archneur.56.3.303},
    issn = {00039942},
    pmid = {10190820}
}

@article{Zhang2018MixUp:Minimization,
    title = {{MixUp: Beyond empirical risk minimization}},
    year = {2018},
    journal = {6th International Conference on Learning Representations, ICLR 2018 - Conference Track Proceedings},
    author = {Zhang, Hongyi and Cisse, Moustapha and Dauphin, Yann N. and Lopez-Paz, David},
    publisher = {International Conference on Learning Representations, ICLR},
    arxivId = {1710.09412}
}

@article{Tolstikhin2021MLP-Mixer:Vision,
    title = {{MLP-Mixer: An all-MLP Architecture for Vision}},
    year = {2021},
    journal = {Advances in Neural Information Processing Systems},
    author = {Tolstikhin, Ilya and Houlsby, Neil and Kolesnikov, Alexander and Beyer, Lucas and Zhai, Xiaohua and Unterthiner, Thomas and Yung, Jessica and Steiner, Andreas and Keysers, Daniel and Uszkoreit, Jakob and Lucic, Mario and Dosovitskiy, Alexey},
    pages = {24261--24272},
    volume = {29},
    url = {https://proceedings.neurips.cc/paper/2021/hash/cba0a4ee5ccd02fda0fe3f9a3e7b89fe-Abstract.html},
    isbn = {9781713845393},
    issn = {10495258},
    arxivId = {2105.01601}
}

@article{Liu2018Multi-ModalityDiagnosis,
    title = {{Multi-Modality Cascaded Convolutional Neural Networks for Alzheimer’s Disease Diagnosis}},
    year = {2018},
    journal = {Neuroinformatics},
    author = {Liu, Manhua and Cheng, Danni and Wang, Kundong and Wang, Yaping},
    number = {3-4},
    month = {10},
    pages = {295--308},
    volume = {16},
    publisher = {Humana Press Inc.},
    url = {https://link.springer.com/article/10.1007/s12021-018-9370-4},
    doi = {10.1007/S12021-018-9370-4/FIGURES/6},
    issn = {15392791},
    pmid = {29572601},
    keywords = {Alzheimer’s disease diagnosis, Cascaded CNNs, Convolutional neural networks (CNNs), Image classification, Multi-modality brain images}
}

@article{vanTulder2021Multi-viewTransformers,
    title = {{Multi-view Analysis of Unregistered Medical Images Using Cross-View Transformers}},
    year = {2021},
    journal = {Lecture Notes in Computer Science (including subseries Lecture Notes in Artificial Intelligence and Lecture Notes in Bioinformatics)},
    author = {van Tulder, Gijs and Tong, Yao and Marchiori, Elena},
    pages = {104--113},
    volume = {12903 LNCS},
    publisher = {Springer Science and Business Media Deutschland GmbH},
    isbn = {9783030871987},
    doi = {10.1007/978-3-030-87199-4{\_}10},
    issn = {16113349},
    arxivId = {2103.11390},
    keywords = {Attention, Multi-view medical images, Transformers}
}

@article{Zeid2021MulticlassTransformers,
    title = {{Multiclass Colorectal Cancer Histology Images Classification Using Vision Transformers}},
    year = {2021},
    journal = {Proceedings - 2021 IEEE 10th International Conference on Intelligent Computing and Information Systems, ICICIS 2021},
    author = {Zeid, Magdy Abd Elghany and El-Bahnasy, Khaled and Abo-Youssef, S. E.},
    pages = {224--230},
    url = {https://ieeexplore.ieee.org/abstract/document/9694125/?casa_token=MtZvTVBR0fcAAAAA:0ZoLasvu5zhzWnSZuUE8rXgUX97qiqUpAl51UnkXhYFZ_8gf-c5uEgG-Cn6SGAXptfhe3o0vpMZZNA},
    isbn = {9781665440769},
    doi = {10.1109/ICICIS52592.2021.9694125},
    keywords = {Biomedical image processing, Colorectal cancer detection, Deep Learning, Pathology, Vision Transformers}
}

@article{Berman2019MultiGrain:Instances,
    title = {{MultiGrain: a unified image embedding for classes and instances}},
    year = {2019},
    author = {Berman, Maxim and J{\'{e}}gou, Hervé and Vedaldi, Andrea and Kokkinos, Iasonas and Douze, Matthijs},
    doi = {10.48550/arxiv.1902.05509},
    arxivId = {1902.05509}
}

@article{Falahati2014MultivariateImaging,
    title = {{Multivariate Data Analysis and Machine Learning in Alzheimer's Disease with a Focus on Structural Magnetic Resonance Imaging}},
    year = {2014},
    journal = {Journal of Alzheimer's Disease},
    author = {Falahati, Farshad and Westman, Eric and Simmons, Andrew},
    number = {3},
    month = {1},
    pages = {685--708},
    volume = {41},
    publisher = {IOS Press},
    doi = {10.3233/JAD-131928},
    issn = {1387-2877},
    pmid = {24718104},
    keywords = {Alzheimer's disease, Cerebrospinal fluid, Classification, Machine learning, Magnetic resonance imaging, Mild cognitive impairment, Multivariate analysis, Positron emission tomography}
}

@article{Qiao2018MultivariateAnalysis,
    title = {{Multivariate Deep Learning Classification of Alzheimer’s Disease Based on Hierarchical Partner Matching Independent Component Analysis}},
    year = {2018},
    journal = {Frontiers in Aging Neuroscience},
    author = {Qiao, Jianping and Lv, Yingru and Cao, Chongfeng and Wang, Zhishun and Li, Anning},
    month = {12},
    pages = {417},
    volume = {10},
    publisher = {Frontiers Media S.A.},
    doi = {10.3389/FNAGI.2018.00417/BIBTEX},
    issn = {16634365},
    keywords = {Alzheimer’s disease, brain network, deep learning, granger causality, independent component analysis}
}

@article{Gupta2013NaturalData,
    title = {{Natural image bases to represent neuroimaging data}},
    year = {2013},
    journal = {proceedings.mlr.press},
    author = {Gupta, A and Ayhan, M and on, A Maida - International conference and 2013, undefined},
    url = {http://proceedings.mlr.press/v28/gupta13b.html?ref=https://githubhelp.com}
}

@article{Waser2018NeuroimagingStudy,
    title = {{Neuroimaging markers of global cognition in early Alzheimer's disease: A magnetic resonance imaging–electroencephalography study}},
    year = {2018},
    journal = {Wiley Online Library},
    author = {Waser, Markus and Benke, Thomas and Peter Dal-Bianco, | and Garn, | Heinrich and Mosbacher, Jochen A and Ransmayr, Gerhard and Schmidt, | Reinhold and Seiler, Stephan and Sorensen, Helge B D and Jennum, Poul J},
    number = {1},
    month = {1},
    volume = {9},
    publisher = {John Wiley and Sons Ltd},
    url = {https://onlinelibrary.wiley.com/doi/abs/10.1002/brb3.1197},
    doi = {10.1002/brb3.1197},
    keywords = {Alzheimer disease, cognition, electroencephalography, magnetic resonance imaging}
}

@article{Wang2018Non-localNetworks,
    title = {{Non-local neural networks}},
    year = {2018},
    journal = {Proceedings of the IEEE},
    author = {Wang, Xiaolong and Ross, Girshick and Abhinav, Gupta and Kaiming, He},
    url = {http://openaccess.thecvf.com/content_cvpr_2018/html/Wang_Non-Local_Neural_Networks_CVPR_2018_paper.html}
}

@article{Alzubaidi2021NovelData,
    title = {{Novel transfer learning approach for medical imaging with limited labeled data}},
    year = {2021},
    journal = {Cancers},
    author = {Alzubaidi, Laith and Al-Amidie, Muthana and Al-Asadi, Ahmed and Humaidi, Amjad J. and Al-Shamma, Omran and Fadhel, Mohammed A. and Zhang, Jinglan and Santamar{\'{i}}a, J. and Duan, Ye},
    number = {7},
    volume = {13},
    publisher = {Multidisciplinary Digital Publishing Institute (MDPI)},
    doi = {10.3390/cancers13071590},
    issn = {20726694},
    pmid = {33808207},
    keywords = {Convolution neural network (CNN), Deep learning, Machine learning, Medical image analysis, Transfer learning}
}

@article{Sarraf2022OViTAD:Data,
    title = {{OViTAD: Optimized Vision Transformer to Predict Various Stages of Alzheimer’s Disease Using Resting-State fMRI and Structural MRI Data}},
    year = {2022},
    journal = {bioRxiv},
    author = {Sarraf, Saman and Sarraf, Arman and DeSouza, Danielle D. and Anderson, John and Kabia, Milton},
    pages = {2021.11.27.470184},
    publisher = {Cold Spring Harbor Laboratory},
    doi = {10.1101/2021.11.27.470184}
}

@article{Malkiel2022Pre-trainingTasks,
    title = {{Pre-training and fine-tuning transformers for fmri prediction tasks}},
    year = {2022},
    journal = {arxiv.org},
    author = {Malkiel, I and Rosenman, G and Wolf, L and arXiv, T Hendler - arXiv preprint and 2021, undefined},
    pages = {1--19},
    url = {https://arxiv.org/abs/2112.05761},
    arxivId = {2112.05761v2},
    keywords = {Self-supervision, Transformers, fMRI}
}

@article{Xie2019Pre-trainingClassification,
    title = {{Pre-training on grayscale imagenet improves medical image classification}},
    year = {2019},
    journal = {Lecture Notes in Computer Science (including subseries Lecture Notes in Artificial Intelligence and Lecture Notes in Bioinformatics)},
    author = {Xie, Yiting and Richmond, David},
    pages = {476--484},
    volume = {11134 LNCS},
    isbn = {9783030110239},
    doi = {10.1007/978-3-030-11024-6{\_}37},
    issn = {16113349},
    keywords = {Domain adaptation, Transfer learning}
}

@article{Altay2021PreclinicalScans,
    title = {{Preclinical Stage Alzheimer's Disease Detection Using Magnetic Resonance Image Scans}},
    year = {2021},
    journal = {35th AAAI Conference on Artificial Intelligence, AAAI 2021},
    author = {Altay, Fatih and S{\'{a}}nchez, Guillermo Ramón and James, Yanli and Faraone, Stephen V. and Velipasalar, Senem and Salekin, Asif},
    pages = {15088--15097},
    volume = {17A},
    url = {https://ojs.aaai.org/index.php/AAAI/article/view/17772},
    isbn = {9781713835974},
    doi = {10.1609/aaai.v35i17.17772},
    issn = {2159-5399},
    arxivId = {2011.14139},
    keywords = {DPLY: Alzheimer, DPLY: Attention, DPLY: MRI, DPLY: Magnetic Resonance Image, DPLY: Recurrent Visual Attention, DPLY: Transformer}
}

@article{Verenich2021PulmonaryNetworks,
    title = {{Pulmonary Disease Classification Using Globally Correlated Maximum Likelihood: an Auxiliary Attention mechanism for Convolutional Neural Networks}},
    year = {2021},
    journal = {arxiv.org},
    author = {Verenich, Edward and Martin, Tobias and Velasquez, Alvaro and Khan, Nazar and Hussain, Faraz},
    url = {http://arxiv.org/abs/2109.00573},
    arxivId = {2109.00573},
    keywords = {Index Terms-COVID-19 detection, convolutional neural net-works, data starved environment, global attention mechanism}
}

@misc{Wightman2022PyTorchModels,
    title = {{PyTorch image models}},
    year = {2022},
    author = {Wightman, Ross},
    url = {https://github.com/rwightman/pytorch-image-models}
}

@article{Cubuk2020Randaugment:Space,
    title = {{Randaugment: Practical automated data augmentation with a reduced search space}},
    year = {2020},
    journal = {IEEE Computer Society Conference on Computer Vision and Pattern Recognition Workshops},
    author = {Cubuk, Ekin D. and Zoph, Barret and Shlens, Jonathon and Le, Quoc V.},
    pages = {3008--3017},
    publisher = {IEEE Computer Society},
    isbn = {9781728193601},
    doi = {10.1109/CVPRW50498.2020.00359},
    issn = {21607516},
    arxivId = {1909.13719}
}

@article{Zhong2020RandomAugmentation,
    title = {{Random Erasing Data Augmentation}},
    year = {2020},
    journal = {Proceedings of the AAAI Conference on Artificial Intelligence},
    author = {Zhong, Zhun and Zheng, Liang and Kang, Guoliang and Li, Shaozi and Yang, Yi},
    number = {07},
    pages = {13001--13008},
    volume = {34},
    publisher = {AAAI press},
    isbn = {9781577358350},
    doi = {10.1609/AAAI.V34I07.7000},
    issn = {2374-3468},
    arxivId = {1708.04896},
    keywords = {Vision}
}

@article{Wu2021Scale-AwareLesions,
    title = {{Scale-Aware Transformers for Diagnosing Melanocytic Lesions}},
    year = {2021},
    journal = {IEEE Access},
    author = {Wu, Wenjun and Mehta, Sachin and Nofallah, Shima and Knezevich, Stevan and May, Caitlin J. and Chang, Oliver H. and Elmore, Joann G. and Shapiro, Linda G.},
    pages = {163526--163541},
    volume = {9},
    publisher = {Institute of Electrical and Electronics Engineers Inc.},
    doi = {10.1109/ACCESS.2021.3132958},
    issn = {21693536},
    keywords = {Convolutional neural network, histopathological images, melanocytic risk lesions, melanoma, multi-scale, skin cancer diagnosis, transformers, whole-slide image classification}
}

@article{Wu2021Scale-AwareLesionsb,
    title = {{Scale-Aware Transformers for Diagnosing Melanocytic Lesions}},
    year = {2021},
    journal = {IEEE access : practical innovations, open solutions},
    author = {Wu, Wenjun and Mehta, Sachin and Nofallah, Shima and Knezevich, Stevan and May, Caitlin J. and Chang, Oliver H. and Elmore, Joann G. and Shapiro, Linda G.},
    pages = {163526},
    volume = {9},
    publisher = {NIH Public Access},
    url = {/pmc/articles/PMC8865389/ /pmc/articles/PMC8865389/?report=abstract https://www.ncbi.nlm.nih.gov/pmc/articles/PMC8865389/},
    doi = {10.1109/ACCESS.2021.3132958},
    issn = {21693536},
    pmid = {35211363},
    keywords = {Convolutional neural network, histopathological images, melanocytic risk lesions, melanoma, multi-scale, skin cancer diagnosis, transformers, whole-slide image classification}
}

@article{Barhoumi2021Scopeformer:Classification,
    title = {{Scopeformer: n-CNN-ViT Hybrid Model for Intracranial Hemorrhage Classification}},
    year = {2021},
    journal = {Medical Imaging with Deep Learning},
    author = {Barhoumi, Yassine and Ghulam, Rasool},
    month = {7},
    url = {http://arxiv.org/abs/2107.04575},
    arxivId = {2107.04575},
    keywords = {CNN, Computed Tomography slices, Intracranial hemorrhage, ViT}
}

@article{Luo2022Self-distillationClassification,
    title = {{Self-distillation Augmented Masked Autoencoders for Histopathological Image Classification}},
    year = {2022},
    author = {Luo, Yang and Chen, Zhineng and Gao, Xieping},
    month = {3},
    url = {http://arxiv.org/abs/2203.16983},
    arxivId = {2203.16983},
    keywords = {Self distillation, Self-supervised learning {\textperiodcentered} MAE {\textperiodcentered}}
}

@article{Chen2022Self-SupervisedHistopathology,
    title = {{Self-Supervised Vision Transformers Learn Visual Concepts in Histopathology}},
    year = {2022},
    author = {Chen, Richard J. and Krishnan, Rahul G.},
    month = {3},
    url = {http://arxiv.org/abs/2203.00585},
    arxivId = {2203.00585}
}

@article{Luo2021Semi-SupervisedTransformer,
    title = {{Semi-Supervised Medical Image Segmentation via Cross Teaching between CNN and Transformer}},
    year = {2021},
    journal = {Proceedings of Machine Learning Research-Under Review},
    author = {Luo, Xiangde and Hu, Minhao and Song, Tao and Wang, Guotai and Zhang, Shaoting},
    month = {12},
    pages = {1--14},
    url = {http://arxiv.org/abs/2112.04894},
    arxivId = {2112.04894},
    keywords = {CNN, Semi-supervised learning, cross teaching, transformer}
}

@article{Jabason2018ShearletData,
    title = {{Shearlet based Stacked Convolutional Network for Multiclass Diagnosis of Alzheimer's Disease using the Florbetapir PET Amyloid Imaging Data}},
    year = {2018},
    journal = {2018 16th IEEE International New Circuits and Systems Conference, NEWCAS 2018},
    author = {Jabason, Emimal and Ahmad, M. Omair and Swamy, M. N.S.},
    month = {12},
    pages = {344--347},
    publisher = {Institute of Electrical and Electronics Engineers Inc.},
    isbn = {9781538615133},
    doi = {10.1109/NEWCAS.2018.8585550},
    keywords = {Alzheimer's disease (AD), Convolutional neural network (CNN), Deep learning, Florbetapir positron emission tomography ( 18 F-AV-45 PET) amyloid imaging, Shearlet transform (ST), Softmax}
}

@article{Yin2022SMIL-DeiT:MultipleClassification,
    title = {{SMIL-DeiT:Multiple Instance Learning and Self-supervised Vision Transformer network for Early Alzheimer's disease classification}},
    year = {2022},
    journal = {2022 International Joint Conference on Neural Networks (IJCNN)},
    author = {Yin, Yue and Jin, Weikang and Bai, Jing and Liu, Ruotong and Zhen, Haowei},
    pages = {1--6},
    publisher = {IEEE},
    isbn = {978-1-7281-8671-9},
    doi = {10.1109/IJCNN55064.2022.9892524}
}

@misc{Liu2021SwinWindows,
    title = {{Swin Transformer: Hierarchical Vision Transformer using Shifted Windows}},
    year = {2021},
    booktitle = {Proceedings of the IEEE International Conference on Computer Vision},
    author = {Liu, Ze and Lin, Yutong and Cao, Yue and Hu, Han and Wei, Yixuan and Zhang, Zheng and Lin, Stephen and Guo, Baining},
    pages = {9992--10002},
    isbn = {9781665428125},
    doi = {10.1109/ICCV48922.2021.00986},
    issn = {15505499},
    arxivId = {2103.14030}
}

@article{JackJr2008TheMethods,
    title = {{The Alzheimer's disease neuroimaging initiative (ADNI): MRI methods}},
    year = {2008},
    journal = {Wiley Online Library},
    author = {Jack Jr, Clifford R and Bernstein, Matt A and Fox, Nick C and Thompson, Paul and Alexander, Gene and Harvey, Danielle and Borowski, Bret and Britson, Paula J and Whitwell, Jennifer L and Ward, Chadwick and Dale, Anders M and Felmlee, Joel P and Gunter, Jeffrey L and Hill, Derek LG and Killiany, Ron and Schuff, Norbert and Fox-Bosetti, Sabrina and Lin, Chen and Studholme, Colin and DeCarli, Charles S and Krueger, Gunnar and Ward, Heidi A and Metzger, Gregory J and Scott, Katherine T and Mallozzi, Richard and Blezek, Daniel and Levy, Joshua and Debbins, Josef P and Fleisher, Adam S and Albert, Marilyn and Green, Robert and Bartzokis, George and Glover, Gary and Mugler, John and Weiner, Michael W and Jr, CRJ},
    number = {4},
    month = {4},
    pages = {685--691},
    volume = {27},
    url = {https://onlinelibrary.wiley.com/doi/abs/10.1002/jmri.21049},
    doi = {10.1002/jmri.21049},
    keywords = {Alzheimer's disease, Clinical trials, Imaging methods, Imaging standardization, MRI}
}

@article{Perez2017TheLearning,
    title = {{The Effectiveness of Data Augmentation in Image Classification using Deep Learning}},
    year = {2017},
    author = {Perez, Luis and Wang, Jason},
    month = {12},
    url = {https://arxiv.org/abs/1712.04621v1},
    doi = {10.48550/arxiv.1712.04621},
    arxivId = {1712.04621}
}

@article{Reisberg1982TheDementia,
    title = {{The global deterioration scale for assessment of primary degenerative dementia}},
    year = {1982},
    journal = {American Journal of Psychiatry},
    author = {Reisberg, B. and Ferris, S. H. and De Leon, M. J. and Crook, T.},
    number = {9},
    pages = {1136--1139},
    volume = {139},
    doi = {10.1176/ajp.139.9.1136},
    issn = {0002953X},
    pmid = {7114305}
}

@article{Prince2013TheMetaanalysis,
    title = {{The global prevalence of dementia: A systematic review and metaanalysis}},
    year = {2013},
    journal = {Alzheimer's {\&} Dementia},
    author = {Prince, Martin and Bryce, Renata and Albanese, Emiliano and Wimo, Anders and Ribeiro, Wagner and Ferri, Cleusa P.},
    number = {1},
    pages = {63--75},
    volume = {9},
    publisher = {No longer published by Elsevier},
    doi = {10.1016/J.JALZ.2012.11.007},
    issn = {1552-5260},
    pmid = {23305823},
    keywords = {Dementia, Epidemiology, Metaanalysis, Prevalence, Projection, Systematic review, WHO Global Burden of Disease regions, Worldwide}
}

@article{Taqi2018ThePerformance,
    title = {{The Impact of Multi-Optimizers and Data Augmentation on TensorFlow Convolutional Neural Network Performance}},
    year = {2018},
    journal = {Proceedings - IEEE 1st Conference on Multimedia Information Processing and Retrieval, MIPR 2018},
    author = {Taqi, Arwa Mohammed and Awad, Ahmed and Al-Azzo, Fadwa and Milanova, Mariofanna},
    month = {6},
    pages = {140--145},
    publisher = {Institute of Electrical and Electronics Engineers Inc.},
    isbn = {9781538618578},
    doi = {10.1109/MIPR.2018.00032},
    keywords = {Alzheimer disease, CNN, Gradient descent optimizers, TensorFlow, data augmentation, deep learning}
}

@article{TouvronThreeTransformers,
    title = {{Three things everyone should know about Vision Transformers}},
    author = {Touvron, Hugo and Cord, Matthieu and El-Nouby, Alaaeldin and Verbeek, Jakob and J{\'{e}}gou, Hervé}
}

@article{Hon2017TowardsLearning,
    title = {{Towards Alzheimer's disease classification through transfer learning}},
    year = {2017},
    journal = {Proceedings - 2017 IEEE International Conference on Bioinformatics and Biomedicine, BIBM 2017},
    author = {Hon, Marcia and Khan, Naimul Mefraz},
    pages = {1166--1169},
    isbn = {9781509030491},
    doi = {10.1109/BIBM.2017.8217822},
    arxivId = {1711.11117},
    keywords = {Alzheimer's, Deep Learning, Entropy, Transfer Learning}
}

@article{Hon2017TowardsLearningb,
    title = {{Towards Alzheimer's disease classification through transfer learning}},
    year = {2017},
    journal = {Proceedings - 2017 IEEE International Conference on Bioinformatics and Biomedicine, BIBM 2017},
    author = {Hon, Marcia and Khan, Naimul Mefraz},
    pages = {1166--1169},
    publisher = {Institute of Electrical and Electronics Engineers Inc.},
    isbn = {9781509030491},
    doi = {10.1109/BIBM.2017.8217822},
    arxivId = {1711.11117},
    keywords = {Alzheimer's, Deep Learning, Entropy, Transfer Learning}
}

@article{Touvron2021TrainingAttention,
    title = {{Training data-efficient image transformers {\&} distillation through attention}},
    year = {2021},
    journal = {proceedings.mlr.press},
    author = {Touvron, Hugo and Cord, Matthieu and Douze, Matthijs and Massa, Francisco and Sablayrolles, Alexandre and J{\'{e}}gou, Hervé},
    url = {https://proceedings.mlr.press/v139/touvron21a},
    keywords = {ICML, Machine Learning}
}

@article{Touvron2020TrainingAttention,
    title = {{Training data-efficient image transformers {\&} distillation through attention}},
    year = {2020},
    author = {Touvron, Hugo and Cord, Matthieu and Douze, Matthijs and Massa, Francisco and Sablayrolles, Alexandre and J{\'{e}}gou, Hervé},
    month = {12},
    url = {http://arxiv.org/abs/2012.12877},
    arxivId = {2012.12877}
}

@misc{TransferScience,
    title = {{Transfer Learning on Greyscale Images: How to Fine-Tune Pretrained Models on Black-and-White Datasets | by Chris Hughes | Towards Data Science}},
    url = {https://towardsdatascience.com/transfer-learning-on-greyscale-images-how-to-fine-tune-pretrained-models-on-black-and-white-9a5150755c7a}
}

@article{He2022TransformersReview,
    title = {{Transformers in Medical Image Analysis: A Review}},
    year = {2022},
    journal = {Intelligent Medicine},
    author = {He, Kelei and Gan, Chen and Li, Zhuoyuan and Rekik, Islem and Yin, Zihao and Ji, Wen and Gao, Yang and Wang, Qian and Zhang, Junfeng and Shen, Dinggang},
    publisher = {Elsevier},
    doi = {10.1016/J.IMED.2022.07.002},
    issn = {2667-1026},
    arxivId = {2202.12165}
}

@article{Khan2022TransformersSurvey,
    title = {{Transformers in Vision: A Survey}},
    year = {2022},
    journal = {ACM Computing Surveys (CSUR)},
    author = {Khan, Salman and Naseer, Muzammal and Khan, S and Naseer, M and City, Masdar and Dhabi, Abu and Zamir, S W and Shah, M and Hayat, Munawar and Waqas Zamir, Syed and Shahbaz Khan, Fahad and Shah, Mubarak},
    number = {10s},
    month = {9},
    pages = {1--41},
    volume = {54},
    publisher = {{\\\}ACM{\\\}PUB27{\\\}New York, NY{\\\}},
    url = {https://dl.acm.org/doi/10.1145/3505244},
    doi = {10.1145/3505244},
    issn = {0360-0300},
    arxivId = {2101.01169},
    keywords = {Self-attention, bidirectional encoders, convolutional networks, deep neural networks, literature survey, self-supervision, transformers}
}

@article{Dai2021Transmed:Classification,
    title = {{Transmed: Transformers advance multi-modal medical image classification}},
    year = {2021},
    journal = {Diagnostics},
    author = {Dai, Yin and Gao, Yifan and Liu, Fayu},
    number = {8},
    month = {7},
    pages = {1384},
    volume = {11},
    publisher = {Multidisciplinary Digital Publishing Institute},
    url = {https://www.mdpi.com/2075-4418/11/8/1384/htm https://www.mdpi.com/2075-4418/11/8/1384},
    doi = {10.3390/diagnostics11081384},
    issn = {20754418},
    arxivId = {2103.05940},
    keywords = {Deep learning, Medical image classification, Multi-modal, Multiparametric MRI, Transformer}
}

@article{Wang2021TransPath:Classification,
    title = {{TransPath: Transformer-Based Self-supervised Learning for Histopathological Image Classification}},
    year = {2021},
    journal = {Lecture Notes in Computer Science (including subseries Lecture Notes in Artificial Intelligence and Lecture Notes in Bioinformatics)},
    author = {Wang, Xiyue and Yang, Sen and Zhang, Jun and Wang, Minghui and Zhang, Jing and Huang, Junzhou and Yang, Wei and Han, Xiao},
    pages = {186--195},
    volume = {12908 LNCS},
    publisher = {Springer Science and Business Media Deutschland GmbH},
    isbn = {9783030872366},
    doi = {10.1007/978-3-030-87237-3{\_}18},
    issn = {16113349},
    keywords = {Histopathological image, Self-supervised learning, Transformer}
}

@article{Xie2021UniMiSS:Barrier,
    title = {{UniMiSS: Universal Medical Self-Supervised Learning via Breaking Dimensionality Barrier}},
    year = {2021},
    journal = {arxiv.org},
    author = {Xie, Yutong and Zhang, Jianpeng and Xia, Yong and Wu, Qi},
    url = {http://arxiv.org/abs/2112.09356},
    arxivId = {2112.09356},
    keywords = {Cross-dimension, Medical Image Analysis, Self-supervised Learning, Transformer}
}

@article{Gao2021UTNet:Segmentation,
    title = {{UTNet: A Hybrid Transformer Architecture for Medical Image Segmentation}},
    year = {2021},
    journal = {Lecture Notes in Computer Science (including subseries Lecture Notes in Artificial Intelligence and Lecture Notes in Bioinformatics)},
    author = {Gao, Yunhe and Zhou, Mu and Metaxas, Dimitris N.},
    pages = {61--71},
    volume = {12903 LNCS},
    publisher = {Springer Science and Business Media Deutschland GmbH},
    isbn = {9783030871987},
    doi = {10.1007/978-3-030-87199-4{\_}6},
    issn = {16113349},
    arxivId = {2107.00781}
}

@article{Simonyan2014VeryRecognition,
    title = {{Very Deep Convolutional Networks for Large-Scale Image Recognition}},
    year = {2014},
    journal = {3rd International Conference on Learning Representations, ICLR 2015 - Conference Track Proceedings},
    author = {Simonyan, Karen and Zisserman, Andrew},
    publisher = {International Conference on Learning Representations, ICLR},
    doi = {10.48550/arxiv.1409.1556},
    arxivId = {1409.1556},
    keywords = {()}
}

@article{Park2021VisionCorpus,
    title = {{Vision Transformer for COVID-19 CXR Diagnosis using Chest X-ray Feature Corpus}},
    year = {2021},
    journal = {arxiv.org},
    author = {Park, Sangjoon and Kim, Gwanghyun and Oh, Yujin and Seo, Joon Beom and Lee, Sang Min and Kim, Jin Hwan and Moon, Sungjun and Lim, Jae-Kwang and Ye, Jong Chul},
    url = {http://arxiv.org/abs/2103.07055},
    arxivId = {2103.07055},
    keywords = {COVID-19 {\textperiodcentered}, Chest X-ray {\textperiodcentered}, Limited dataset, Low-level features {\textperiodcentered}, Transfer learning {\textperiodcentered}, Transformer {\textperiodcentered}, Vision}
}

@article{Fang2021YouDetection,
    title = {{You Only Look at One Sequence: Rethinking Transformer in Vision through Object Detection}},
    year = {2021},
    journal = {Advances in Neural Information Processing Systems},
    author = {Fang, Yuxin and Liao, Bencheng and Wang, Xinggang and Fang, Jiemin and Qi, Jiyang and Wu, Rui and Niu, Jianwei and Liu, Wenyu},
    pages = {26183--26197},
    volume = {31},
    publisher = {Neural information processing systems foundation},
    isbn = {9781713845393},
    doi = {10.48550/arxiv.2106.00666},
    issn = {10495258},
    arxivId = {2106.00666}
}